<?xml version="1.0" encoding="UTF-8"?><collection xmlns="http://www.loc.gov/MARC21/slim"><record><leader>00403nam--2200145-i-4500</leader><controlfield tag="001">000046770</controlfield><controlfield tag="002">20161230</controlfield><controlfield tag="005">20170122211718</controlfield><controlfield tag="008">060222s1000------------r-----000-0-eng-d</controlfield><datafield ind1=" " ind2=" " tag="100"><subfield code="a">Vogel, Theodore</subfield></datafield><datafield ind1=" " ind2=" " tag="245"><subfield code="a">Les fonctions ortogonales dans les problemes aux limites de la physiques math</subfield></datafield><datafield ind1=" " ind2=" " tag="260"><subfield code="a">Paris</subfield><subfield code="b">Cnrs</subfield><subfield code="c">1953</subfield></datafield><datafield ind1=" " ind2=" " tag="300"><subfield code="a">191 p.+ Fig.+1 Pl</subfield></datafield><datafield ind1=" " ind2=" " tag="852"><subfield code="a">11720</subfield></datafield><datafield ind1=" " ind2=" " tag="CAT"><subfield code="a">SYS</subfield><subfield code="c">20170122</subfield><subfield code="h">211718</subfield></datafield></record></collection>